@book{Crockford,
    author    = "Douglas Crockford",
    title     = "JavaScript: The Good Parts",
    publisher = "Yahoo Press",
    year      = "2008",
    month    = "May",
}


@book{Roads,
    author    = "Curtis Roads",
    title     = "Microsound",
    publisher = "MIT Press",
    year      = "2004",
    month      = "January",    
}

@misc{Flocking-Granulator,
    author    = "Mayank Sanganeria",
    title     = "Flocking Granulator",
    howpublished = "\url{http://github.com/e7mac/Flocking/blob/master/flocking/flocking-ugens.js#L1716-L1827}",
    year     = "2012",
    month    = "December",
}

@misc{Faust-Granulator,
    author    = "Mayank Sanganeria",
    title     = "Faust Granulator",
    howpublished = "\url{https://github.com/e7mac/faust-code/blob/master/granulator.dsp}",
    year     = "2012",
    month    = "December",
}

@misc{Bencina,
    author    = "Ross Bencina",
    title     = "Implementing Real-Time Granular Synthesis",
    howpublished = "\url{http://www.rossbencina.com/static/code/granular-synthesis/BencinaAudioAnecdotes310801.pdf}",
    year     = "2001",
    month    = "August",
}

@misc{Faust,
    author    = "Grame",
    title     = "Faust",
    howpublished = "\url{http://faust.grame.fr}",
}

@misc{Flocking,
    author    = "Colin Clark",
    title     = "Flocking",
    howpublished = "\url{https://github.com/colinbdclark/Flocking}",
}


@misc{NaCl,
    author    = "Google",
    title     = "Native Client",
    howpublished = "\url{https://developers.google.com/native-client/}",
}

@misc{faust-tutorial,
    author    = "Grame",
    title     = "Faust Tutorial 2",
    howpublished = "\url{http://faust.grame.fr/images/faust-doc/Faust_tutorial2.pdf}",
}

